@book{Beyond,
  author         = {Tim Roughgarden (Hrsg.)},
  editor         = {Tim Roughgarden},
  publisher      = {Cambridge University Press},
  title          = {Beyond the Worst-Case Analysis of Algorithms},
  year           = {2021}
}

@book{DowneyFellows,
  author         = {R.G. Downey and M.R. Fellows},
  editor         = {David Giers \& Fred B. Schneider},
  publisher      = {Springer-Verlag New York Berlin Heidelberg},
  title          = {Monographs in Computer Science - Parameterized Complexity},
  year           = {1999}
}

@book{Parameterized,
  author         = {Cygan et. al},
  publisher      = {Springer International Publishing Switzerland},
  title          = {Parameterized Algorithms},
  year           = {2015}
}

@book{Fundamentals,
  author         = {R. G. Downey and M. R. Fellows},
  editor         = {David Gries \& Fred B. Schneider},
  publisher      = {Springer London},
  title          = {Fundamentals of Parameterized Complexity},
  year           = {2013}
}