
%%  Ein paar Abk√ºrzungen 
@STRING{SICOMP = {SIAM Journal on Computing}}
@STRING{SPRINGER = {Springer}}
@STRING{LNCS = {LNCS}}
@STRING{DAM = {Discrete Applied Mathematics}}

@book{Beyond,
  author         = {Tim Roughgarden (Hrsg.)},
  editor         = {Tim Roughgarden},
  publisher      = {Cambridge University Press},
  title          = {Beyond the Worst-Case Analysis of Algorithms},
  year           = {2021}
}

@book{DowneyFellows,
  author         = {R.G. Downey and M.R. Fellows},
  editor         = {David Giers \& Fred B. Schneider},
  publisher      = {Springer-Verlag New York Berlin Heidelberg},
  title          = {Monographs in Computer Science - Parameterized Complexity},
  year           = {1999}
}

@book{Parameterized,
  author         = {Cygan et. al},
  publisher      = {Springer International Publishing Switzerland},
  title          = {Parameterized Algorithms},
  year           = {2015}
}

@book{Fundamentals,
  author         = {R. G. Downey and M. R. Fellows},
  editor         = {David Gries \& Fred B. Schneider},
  publisher      = {Springer London},
  title          = {Fundamentals of Parameterized Complexity},
  year           = {2013}
}


%% Referenz ist ein Artikel in einem Journal 
%article{example1,
%author = {Kako, Akihisa and Ono, Takao and Hirata, Tomio and Halld\'{o}rsson, Magn\'{u}s M},
%journal = DAM,
%number = {4},
%pages = {617--626},
%title = {{Approximation algorithms for the weighted independent set problem in sparse graphs}},
%volume = {157},
%year = {2009}
%}

%% Referenz ist ein Artikel in Proceedings 
%inproceedings{example2,
author = {Seibert, Sebastian and Unger, Walter},
booktitle = {Algorithms and Complexity},
pages = {102--112},
publisher = SPRINGER,
series = LNCS,
title = {{The Hardness of Placing Street Names in a Manhattan Type
Map}},
volume = {1767},
year = {2000}
}

%% Referenz ist ein Artikel in Proceedings 
%inproceedings{example3,
%author = {Neyer, Gabriele and Wagner, Frank},
%booktitle = {Algorithms and Complexity},
%pages = {113--124},
%publisher = SPRINGER,
%series = LNCS,
%title = {{Labeling Downtown}},
%volume = {1767},
%year = {2000}
%}

%% Referenz ist eine URL
%misc{example4,
%author = {Wolff, Alexander and Strijk, Tycho},
%title = {{The Map Labeling Bibliography}},
%howpublished={\url{
%http://liinwww.ira.uka.de/bibliography/Theory/map.labeling.html}},
%year = {2009}
%}



